@article{gregory1994geographical,
  title={Geographical imaginations},
  author={Gregory, Derek},
  year={1994}
}


@article{jammer1969concepts,
  title={Concepts of space},
  author={Jammer, Max},
  year={1969}
}


@article{hillier1976space,
  title={Space syntax},
  author={Hillier, Bill and Leaman, Adrian and Stansall, Paul and Bedford, Michael},
  journal={Environment and Planning B: Planning and Design},
  volume={3},
  number={2},
  pages={147--185},
  year={1976},
  publisher={SAGE Publications Sage UK: London, England}
}